@article{genter2015determining,
  title={Determining Placements of Influencing Agents in a Flock},
  author={Genter, Katie and Zhang, Shun and Stone, Peter},
  year={2015}
}
