@article{barto2003recent,
  title={Recent advances in hierarchical reinforcement learning},
  author={Barto, Andrew G and Mahadevan, Sridhar},
  journal={Discrete Event Dynamic Systems},
  volume={13},
  number={4},
  pages={341--379},
  year={2003},
  publisher={Springer}
}
